<?xml version="1.0" encoding="UTF-8"?><collection xmlns="http://www.loc.gov/MARC21/slim"><record><leader>00548nam--2200181-i-4500</leader><controlfield tag="001">000046285</controlfield><controlfield tag="002">20161230</controlfield><controlfield tag="005">20161230201045</controlfield><controlfield tag="008">060222s1000------------r-----000-0-eng-d</controlfield><datafield ind1=" " ind2=" " tag="040"><subfield code="a">IFIN-HH</subfield></datafield><datafield ind1=" " ind2=" " tag="080"><subfield code="a">539.2</subfield></datafield><datafield ind1="1" ind2=" " tag="100"><subfield code="a">Smoluchowski, R</subfield></datafield><datafield ind1="1" ind2="0" tag="245"><subfield code="a">Phase transformations in solids</subfield><subfield code="b">Symposium held at cornell university august 23-26, 1948</subfield><subfield code="c">R. smoluchowski, j.e. mayer, w.a. weyl (eds.)</subfield></datafield><datafield ind1=" " ind2=" " tag="260"><subfield code="a">New York</subfield><subfield code="b">John Wiley &amp; Sons, Inc</subfield><subfield code="c">1957</subfield></datafield><datafield ind1=" " ind2=" " tag="300"><subfield code="a">660P</subfield></datafield><datafield ind1="1" ind2=" " tag="700"><subfield code="a">Weyl, W.A</subfield></datafield><datafield ind1=" " ind2=" " tag="852"><subfield code="a">13710</subfield><subfield code="c">539.2</subfield></datafield><datafield ind1=" " ind2=" " tag="CAT"><subfield code="a">Sys</subfield><subfield code="c">20121003</subfield><subfield code="h">153602</subfield></datafield></record></collection>